region,commodity,price_kg_php,serving_g,price_per_serving_php
Autonomous region in Muslim Mindanao,Anchovies,102.57,200,20.51
Autonomous region in Muslim Mindanao,Bananas (lakatan),51.39,300,15.42
Autonomous region in Muslim Mindanao,Bananas (latundan),48.86,300,14.66
Autonomous region in Muslim Mindanao,Bananas (saba),42.01,200,8.4
Autonomous region in Muslim Mindanao,"Beans (green, fresh)",101.96,200,20.39
Autonomous region in Muslim Mindanao,Beans (string),79.61,200,15.92
Autonomous region in Muslim Mindanao,Bitter melon,93.63,200,18.73
Autonomous region in Muslim Mindanao,Bottle gourd,39.57,200,7.91
Autonomous region in Muslim Mindanao,Cabbage,104.18,200,20.84
Autonomous region in Muslim Mindanao,Cabbage (chinese),60.94,200,12.19
Autonomous region in Muslim Mindanao,Calamansi,52.43,200,10.49
Autonomous region in Muslim Mindanao,Carrots,136.55,200,27.31
Autonomous region in Muslim Mindanao,Choko,34.91,200,6.98
Autonomous region in Muslim Mindanao,Coconut,18.26,200,3.65
Autonomous region in Muslim Mindanao,Crab,286.62,200,57.32
Autonomous region in Muslim Mindanao,Eggplants,63.65,200,12.73
Autonomous region in Muslim Mindanao,Eggs,110.74,80,8.86
Autonomous region in Muslim Mindanao,Eggs (duck),101.44,200,20.29
Autonomous region in Muslim Mindanao,Fish (fresh),195.5,200,39.1
Autonomous region in Muslim Mindanao,Fish (frigate tuna),112,200,22.4
Autonomous region in Muslim Mindanao,"Fish (mackerel, fresh)",138.32,200,27.66
Autonomous region in Muslim Mindanao,Fish (milkfish),201.19,200,40.24
Autonomous region in Muslim Mindanao,Fish (redbelly yellowtail fusilier),165.61,200,33.12
Autonomous region in Muslim Mindanao,Fish (roundscad),133.13,200,26.63
Autonomous region in Muslim Mindanao,Fish (slipmouth),131.21,200,26.24
Autonomous region in Muslim Mindanao,Fish (threadfin bream),159.34,200,31.87
Autonomous region in Muslim Mindanao,Fish (tilapia),177.71,200,35.54
Autonomous region in Muslim Mindanao,Garlic,146.13,200,29.23
Autonomous region in Muslim Mindanao,Garlic (large),106,200,21.2
Autonomous region in Muslim Mindanao,Garlic (small),147.5,200,29.5
Autonomous region in Muslim Mindanao,Ginger,125.94,200,25.19
Autonomous region in Muslim Mindanao,Maize (white),26.58,200,5.32
Autonomous region in Muslim Mindanao,Maize (yellow),23.75,200,4.75
Autonomous region in Muslim Mindanao,Mangoes (carabao),152.2,200,30.44
Autonomous region in Muslim Mindanao,Mangoes (piko),110,200,22
Autonomous region in Muslim Mindanao,Meat (beef),338.45,200,67.69
Autonomous region in Muslim Mindanao,"Meat (beef, chops with bones)",292.71,200,58.54
Autonomous region in Muslim Mindanao,"Meat (chicken, whole)",191.22,200,38.24
Autonomous region in Muslim Mindanao,Meat (pork),301.66,150,45.25
Autonomous region in Muslim Mindanao,"Meat (pork, hock)",196,200,39.2
Autonomous region in Muslim Mindanao,"Meat (pork, with bones)",251.5,200,50.3
Autonomous region in Muslim Mindanao,Onions (red),196.84,100,19.68
Autonomous region in Muslim Mindanao,Onions (white),139.08,200,27.82
Autonomous region in Muslim Mindanao,Papaya,35.7,200,7.14
Autonomous region in Muslim Mindanao,Pineapples,64.39,200,12.88
Autonomous region in Muslim Mindanao,Potatoes (Irish),140.11,200,28.02
Autonomous region in Muslim Mindanao,Rice (paddy),13.66,300,4.1
Autonomous region in Muslim Mindanao,Rice (premium),43.1,500,21.55
Autonomous region in Muslim Mindanao,"Rice (regular, milled)",51.94,500,25.97
Autonomous region in Muslim Mindanao,Rice (special),66.87,200,13.37
Autonomous region in Muslim Mindanao,Rice (well milled),57.37,200,11.47
Autonomous region in Muslim Mindanao,Semolina (white),35.58,200,7.12
Autonomous region in Muslim Mindanao,Semolina (yellow),31.13,200,6.23
Autonomous region in Muslim Mindanao,Shrimp (endeavor),320.06,200,64.01
Autonomous region in Muslim Mindanao,Shrimp (tiger),395,200,79
Autonomous region in Muslim Mindanao,Squashes,31.47,200,6.29
Autonomous region in Muslim Mindanao,Sweet Potato leaves,45.92,200,9.18
Autonomous region in Muslim Mindanao,Sweet potatoes,49.19,200,9.84
Autonomous region in Muslim Mindanao,Taro,56.59,200,11.32
Autonomous region in Muslim Mindanao,Tomatoes,81.33,150,12.2
Autonomous region in Muslim Mindanao,Water spinach,42,200,8.4
Cordillera Administrative region,Anchovies,325,200,65
Cordillera Administrative region,Bananas (lakatan),82.79,300,24.84
Cordillera Administrative region,Bananas (latundan),44.32,300,13.3
Cordillera Administrative region,Bananas (saba),37.72,200,7.54
Cordillera Administrative region,"Beans (green, fresh)",98.15,200,19.63
Cordillera Administrative region,Beans (string),84.4,200,16.88
Cordillera Administrative region,Bitter melon,100.54,200,20.11
Cordillera Administrative region,Bottle gourd,39.68,200,7.94
Cordillera Administrative region,Cabbage,93.64,200,18.73
Cordillera Administrative region,Cabbage (chinese),65.78,200,13.16
Cordillera Administrative region,Calamansi,83.77,200,16.75
Cordillera Administrative region,Carrots,104.41,200,20.88
Cordillera Administrative region,Chicken,150.11,200,30.02
Cordillera Administrative region,Choko,37.74,200,7.55
Cordillera Administrative region,Coconut,35.86,200,7.17
Cordillera Administrative region,Crab,350,200,70
Cordillera Administrative region,Eggplants,72.21,200,14.44
Cordillera Administrative region,Eggs,104.22,80,8.34
Cordillera Administrative region,Eggs (duck),145.08,200,29.02
Cordillera Administrative region,Fish (fresh),144.92,200,28.98
Cordillera Administrative region,Fish (frigate tuna),172.7,200,34.54
Cordillera Administrative region,"Fish (mackerel, fresh)",280,200,56
Cordillera Administrative region,Fish (milkfish),208.53,200,41.71
Cordillera Administrative region,Fish (redbelly yellowtail fusilier),291.11,200,58.22
Cordillera Administrative region,Fish (roundscad),194,200,38.8
Cordillera Administrative region,Fish (slipmouth),290,200,58
Cordillera Administrative region,Fish (threadfin bream),250,200,50
Cordillera Administrative region,Fish (tilapia),166.71,200,33.34
Cordillera Administrative region,Garlic,144.61,200,28.92
Cordillera Administrative region,Garlic (large),96,200,19.2
Cordillera Administrative region,Garlic (small),233.33,200,46.67
Cordillera Administrative region,Ginger,97.01,200,19.4
Cordillera Administrative region,Maize (white),23.96,200,4.79
Cordillera Administrative region,Maize (yellow),23.19,200,4.64
Cordillera Administrative region,Mandarins,66.66,200,13.33
Cordillera Administrative region,Mangoes (carabao),123,200,24.6
Cordillera Administrative region,Mangoes (piko),99.66,200,19.93
Cordillera Administrative region,Meat (beef),336.6,200,67.32
Cordillera Administrative region,"Meat (beef, chops with bones)",328.06,200,65.61
Cordillera Administrative region,"Meat (chicken, whole)",207.78,200,41.56
Cordillera Administrative region,Meat (pork),293.25,150,43.99
Cordillera Administrative region,"Meat (pork, hock)",206.97,200,41.39
Cordillera Administrative region,"Meat (pork, with bones)",283.43,200,56.69
Cordillera Administrative region,"Meat (pork, with fat)",388,200,77.6
Cordillera Administrative region,Onions (red),188.71,100,18.87
Cordillera Administrative region,Onions (white),114.1,200,22.82
Cordillera Administrative region,Papaya,43.8,200,8.76
Cordillera Administrative region,Pineapples,62.5,200,12.5
Cordillera Administrative region,Potatoes (Irish),134.43,200,26.89
Cordillera Administrative region,Rice (premium),43.58,500,21.79
Cordillera Administrative region,"Rice (regular, milled)",44.64,500,22.32
Cordillera Administrative region,Rice (special),54.04,200,10.81
Cordillera Administrative region,Rice (well milled),50.13,200,10.03
Cordillera Administrative region,Semolina (yellow),24.94,200,4.99
Cordillera Administrative region,Shrimp (endeavor),530.76,200,106.15
Cordillera Administrative region,Shrimp (tiger),508.27,200,101.65
Cordillera Administrative region,Squashes,48.11,200,9.62
Cordillera Administrative region,Sweet Potato leaves,37.15,200,7.43
Cordillera Administrative region,Sweet potatoes,62.31,200,12.46
Cordillera Administrative region,Taro,51.24,200,10.25
Cordillera Administrative region,Tomatoes,107.82,150,16.17
Cordillera Administrative region,Water spinach,30.91,200,6.18
National Capital region,Anchovies,199.03,200,39.81
National Capital region,Bananas (lakatan),93.74,300,28.12
National Capital region,Bananas (latundan),62.73,300,18.82
National Capital region,Bananas (saba),50.59,200,10.12
National Capital region,"Beans (green, fresh)",111.7,200,22.34
National Capital region,Beans (string),91.96,200,18.39
National Capital region,Bitter melon,96.09,200,19.22
National Capital region,Bottle gourd,42.57,200,8.51
National Capital region,Cabbage,161.5,200,32.3
National Capital region,Cabbage (chinese),86.85,200,17.37
National Capital region,Calamansi,94.46,200,18.89
National Capital region,Carrots,85.36,200,17.07
National Capital region,Choko,47.55,200,9.51
National Capital region,Coconut,31.74,200,6.35
National Capital region,Crab,384.07,200,76.81
National Capital region,Eggplants,105.87,200,21.17
National Capital region,Eggs,99.72,80,7.98
National Capital region,Fish (fresh),151.43,200,30.29
National Capital region,Fish (frigate tuna),275.7,200,55.14
National Capital region,"Fish (mackerel, fresh)",350.53,200,70.11
National Capital region,Fish (milkfish),217.9,200,43.58
National Capital region,Fish (redbelly yellowtail fusilier),306.25,200,61.25
National Capital region,Fish (roundscad),264.72,200,52.94
National Capital region,Fish (slipmouth),376.71,200,75.34
National Capital region,Fish (threadfin bream),362.81,200,72.56
National Capital region,Fish (tilapia),148.54,200,29.71
National Capital region,Garlic,302.06,200,60.41
National Capital region,Garlic (large),102.59,200,20.52
National Capital region,Garlic (small),292.67,200,58.53
National Capital region,Ginger,136.04,200,27.21
National Capital region,Maize (yellow),42.5,200,8.5
National Capital region,Maize flour (yellow),38.15,200,7.63
National Capital region,Mandarins,53.65,200,10.73
National Capital region,Mangoes (carabao),194.88,200,38.98
National Capital region,Mangoes (piko),140,200,28
National Capital region,Meat (beef),444.01,200,88.8
National Capital region,"Meat (beef, chops with bones)",397.12,200,79.42
National Capital region,"Meat (chicken, whole)",192.67,200,38.53
National Capital region,Meat (pork),310.07,150,46.51
National Capital region,"Meat (pork, hock)",299.96,200,59.99
National Capital region,"Meat (pork, with bones)",290.15,200,58.03
National Capital region,"Meat (pork, with fat)",403.75,200,80.75
National Capital region,Onions (red),152.53,100,15.25
National Capital region,Onions (white),139.64,200,27.93
National Capital region,Papaya,50.14,200,10.03
National Capital region,Pineapples,68.34,200,13.67
National Capital region,Potatoes (Irish),167.99,200,33.6
National Capital region,"Rice (milled, superior)",33.07,500,16.54
National Capital region,Rice (premium),48.09,500,24.04
National Capital region,"Rice (regular, milled)",42.79,500,21.4
National Capital region,Rice (special),58.42,200,11.68
National Capital region,Rice (well milled),49.66,200,9.93
National Capital region,Semolina (yellow),35.94,200,7.19
National Capital region,Shrimp (endeavor),459.01,200,91.8
National Capital region,Shrimp (tiger),741.89,200,148.38
National Capital region,Squashes,44.64,200,8.93
National Capital region,Sweet Potato leaves,78.29,200,15.66
National Capital region,Sweet potatoes,84.5,200,16.9
National Capital region,Taro,66.7,200,13.34
National Capital region,Tomatoes,102.64,150,15.4
National Capital region,Water spinach,56.62,200,11.32
Region I,Anchovies,141.12,200,28.22
Region I,Bananas (lakatan),90.06,300,27.02
Region I,Bananas (latundan),62.16,300,18.65
Region I,Bananas (saba),36.17,200,7.23
Region I,"Beans (green, fresh)",116.58,200,23.32
Region I,Beans (string),59.72,200,11.94
Region I,Bitter melon,66.56,200,13.31
Region I,Bottle gourd,39.78,200,7.96
Region I,Cabbage,95.31,200,19.06
Region I,Cabbage (chinese),52.69,200,10.54
Region I,Calamansi,61.98,200,12.4
Region I,Carrots,137.56,200,27.51
Region I,Choko,52,200,10.4
Region I,Coconut,36.65,200,7.33
Region I,Crab,483.26,200,96.65
Region I,Eggplants,78.06,200,15.61
Region I,Eggs,97.53,80,7.8
Region I,Eggs (duck),129.12,200,25.82
Region I,Fish (fresh),110.42,200,22.08
Region I,Fish (frigate tuna),167.31,200,33.46
Region I,"Fish (mackerel, fresh)",229.36,200,45.87
Region I,Fish (milkfish),204.38,200,40.88
Region I,Fish (redbelly yellowtail fusilier),280.83,200,56.17
Region I,Fish (roundscad),220.94,200,44.19
Region I,Fish (slipmouth),185.98,200,37.2
Region I,Fish (threadfin bream),262.61,200,52.52
Region I,Fish (tilapia),142.19,200,28.44
Region I,Garlic,245.15,200,49.03
Region I,Garlic (large),100,200,20
Region I,Garlic (small),294,200,58.8
Region I,Ginger,109.87,200,21.97
Region I,Maize (white),50,200,10
Region I,Maize (yellow),25,200,5
Region I,Mandarins,115.44,200,23.09
Region I,Mangoes (carabao),137.17,200,27.43
Region I,Meat (beef),385.56,200,77.11
Region I,"Meat (beef, chops with bones)",319,200,63.8
Region I,"Meat (chicken, whole)",208.12,200,41.62
Region I,Meat (pork),312.75,150,46.91
Region I,"Meat (pork, hock)",180.06,200,36.01
Region I,"Meat (pork, with bones)",284.97,200,56.99
Region I,"Meat (pork, with fat)",386,200,77.2
Region I,Onions (red),156.1,100,15.61
Region I,Onions (white),105.86,200,21.17
Region I,Papaya,48.13,200,9.63
Region I,Pineapples,70.99,200,14.2
Region I,Potatoes (Irish),158.12,200,31.62
Region I,Rice (paddy),17.54,300,5.26
Region I,Rice (premium),46.46,500,23.23
Region I,"Rice (regular, milled)",43.31,500,21.66
Region I,Rice (special),57.5,200,11.5
Region I,Rice (well milled),47.12,200,9.42
Region I,Semolina (yellow),27.39,200,5.48
Region I,Shrimp (endeavor),516.33,200,103.27
Region I,Shrimp (tiger),652.81,200,130.56
Region I,Squashes,42.19,200,8.44
Region I,Sweet Potato leaves,37.14,200,7.43
Region I,Sweet potatoes,52.45,200,10.49
Region I,Taro,63.32,200,12.66
Region I,Tomatoes,74.06,150,11.11
Region I,Water spinach,36.78,200,7.36
Region II,Anchovies,225,200,45
Region II,Bananas (lakatan),65.63,300,19.69
Region II,Bananas (latundan),33.01,300,9.9
Region II,Bananas (saba),24.01,200,4.8
Region II,"Beans (green, fresh)",77.1,200,15.42
Region II,Beans (string),58.75,200,11.75
Region II,Bitter melon,72.66,200,14.53
Region II,Bottle gourd,30.32,200,6.06
Region II,Cabbage,93.44,200,18.69
Region II,Cabbage (chinese),54.72,200,10.94
Region II,Calamansi,46.96,200,9.39
Region II,Carrots,117.35,200,23.47
Region II,Chicken,132.85,200,26.57
Region II,Choko,46.25,200,9.25
Region II,Coconut,28.54,200,5.71
Region II,Crab,440.08,200,88.02
Region II,Eggplants,64.38,200,12.88
Region II,Eggs,101.91,80,8.15
Region II,Eggs (duck),123.78,200,24.76
Region II,Fish (fresh),154,200,30.8
Region II,Fish (frigate tuna),272.67,200,54.53
Region II,"Fish (mackerel, fresh)",192,200,38.4
Region II,Fish (milkfish),218.44,200,43.69
Region II,Fish (redbelly yellowtail fusilier),359.38,200,71.88
Region II,Fish (roundscad),222.1,200,44.42
Region II,Fish (slipmouth),188,200,37.6
Region II,Fish (threadfin bream),308.7,200,61.74
Region II,Fish (tilapia),159.38,200,31.88
Region II,Garlic,168.83,200,33.77
Region II,Garlic (large),92.67,200,18.53
Region II,Garlic (small),166,200,33.2
Region II,Ginger,91.25,200,18.25
Region II,Maize (yellow),23.02,200,4.6
Region II,Mandarins,43.84,200,8.77
Region II,Mangoes (carabao),138.31,200,27.66
Region II,Meat (beef),361.36,200,72.27
Region II,"Meat (beef, chops with bones)",324.06,200,64.81
Region II,"Meat (chicken, whole)",189.06,200,37.81
Region II,Meat (pork),298.57,150,44.79
Region II,"Meat (pork, hock)",205.86,200,41.17
Region II,"Meat (pork, with bones)",268.75,200,53.75
Region II,"Meat (pork, with fat)",312,200,62.4
Region II,Onions (red),169.06,100,16.91
Region II,Onions (white),113.86,200,22.77
Region II,Papaya,42.66,200,8.53
Region II,Pineapples,51.14,200,10.23
Region II,Potatoes (Irish),130.25,200,26.05
Region II,Rice (paddy),16.04,300,4.81
Region II,Rice (premium),40.65,500,20.32
Region II,"Rice (regular, milled)",43.79,500,21.9
Region II,Rice (special),55.94,200,11.19
Region II,Rice (well milled),48.69,200,9.74
Region II,Semolina (white),27.4,200,5.48
Region II,Semolina (yellow),25.45,200,5.09
Region II,Shrimp (endeavor),570.79,200,114.16
Region II,Shrimp (tiger),748.57,200,149.71
Region II,Squashes,40.16,200,8.03
Region II,Sweet Potato leaves,43.32,200,8.66
Region II,Sweet potatoes,45.72,200,9.14
Region II,Taro,66.42,200,13.28
Region II,Tomatoes,70.16,150,10.52
Region II,Water spinach,38.76,200,7.75
Region III,Anchovies,168.93,200,33.79
Region III,Bananas (lakatan),95.98,300,28.79
Region III,Bananas (latundan),58.68,300,17.6
Region III,Bananas (saba),41.24,200,8.25
Region III,"Beans (green, fresh)",113.18,200,22.64
Region III,Beans (string),99.05,200,19.81
Region III,Bitter melon,95.38,200,19.08
Region III,Bottle gourd,31.56,200,6.31
Region III,Cabbage,106.86,200,21.37
Region III,Cabbage (chinese),67.99,200,13.6
Region III,Calamansi,79.21,200,15.84
Region III,Carrots,151,200,30.2
Region III,Chicken,79.38,200,15.88
Region III,Choko,51,200,10.2
Region III,Coconut,30.64,200,6.13
Region III,Crab,334.44,200,66.89
Region III,Eggplants,85.1,200,17.02
Region III,Eggs,95.44,80,7.64
Region III,Eggs (duck),99.06,200,19.81
Region III,Fish (fresh),183.3,200,36.66
Region III,Fish (frigate tuna),203.88,200,40.78
Region III,"Fish (mackerel, fresh)",286.94,200,57.39
Region III,Fish (milkfish),200.26,200,40.05
Region III,Fish (redbelly yellowtail fusilier),304.5,200,60.9
Region III,Fish (roundscad),230.76,200,46.15
Region III,Fish (slipmouth),230.63,200,46.13
Region III,Fish (threadfin bream),295.98,200,59.2
Region III,Fish (tilapia),137.44,200,27.49
Region III,Garlic,173.91,200,34.78
Region III,Garlic (large),99.67,200,19.93
Region III,Garlic (small),130,200,26
Region III,Ginger,134.98,200,27
Region III,Maize (white),48.48,200,9.7
Region III,Mandarins,63.93,200,12.79
Region III,Mangoes (carabao),201.22,200,40.24
Region III,Mangoes (piko),118.06,200,23.61
Region III,Meat (beef),434.08,200,86.82
Region III,"Meat (beef, chops with bones)",360.16,200,72.03
Region III,"Meat (chicken, whole)",189.5,200,37.9
Region III,Meat (pork),317.77,150,47.67
Region III,"Meat (pork, hock)",262.42,200,52.48
Region III,"Meat (pork, with bones)",289,200,57.8
Region III,"Meat (pork, with fat)",392,200,78.4
Region III,Onions (red),164.66,100,16.47
Region III,Onions (white),114.12,200,22.82
Region III,Papaya,52.06,200,10.41
Region III,Pineapples,94.97,200,18.99
Region III,Potatoes (Irish),147.14,200,29.43
Region III,"Rice (milled, superior)",35.85,500,17.92
Region III,Rice (paddy),17.26,300,5.18
Region III,Rice (premium),45.88,500,22.94
Region III,"Rice (regular, milled)",45.61,500,22.8
Region III,Rice (special),60.97,200,12.19
Region III,Rice (well milled),51.94,200,10.39
Region III,Semolina (yellow),31.52,200,6.3
Region III,Shrimp (endeavor),479.81,200,95.96
Region III,Shrimp (tiger),839.12,200,167.82
Region III,Squashes,49.16,200,9.83
Region III,Sweet Potato leaves,50.25,200,10.05
Region III,Sweet potatoes,46.28,200,9.26
Region III,Taro,62.57,200,12.51
Region III,Tomatoes,105.04,150,15.76
Region III,Water spinach,47.42,200,9.48
Region IV-A,Anchovies,176.63,200,35.33
Region IV-A,Bananas (lakatan),87.06,300,26.12
Region IV-A,Bananas (latundan),61.13,300,18.34
Region IV-A,Bananas (saba),39.66,200,7.93
Region IV-A,"Beans (green, fresh)",103.48,200,20.7
Region IV-A,Beans (string),90.55,200,18.11
Region IV-A,Bitter melon,98.35,200,19.67
Region IV-A,Bottle gourd,39.07,200,7.81
Region IV-A,Cabbage,107.65,200,21.53
Region IV-A,Cabbage (chinese),66.06,200,13.21
Region IV-A,Calamansi,76.97,200,15.39
Region IV-A,Carrots,143.95,200,28.79
Region IV-A,Choko,49.6,200,9.92
Region IV-A,Coconut,25.1,200,5.02
Region IV-A,Crab,457.87,200,91.57
Region IV-A,Eggplants,86.78,200,17.36
Region IV-A,Eggs,86.9,80,6.95
Region IV-A,Eggs (duck),112.25,200,22.45
Region IV-A,Fish (fresh),191.78,200,38.36
Region IV-A,Fish (frigate tuna),214.07,200,42.81
Region IV-A,"Fish (mackerel, fresh)",287.5,200,57.5
Region IV-A,Fish (milkfish),231.8,200,46.36
Region IV-A,Fish (redbelly yellowtail fusilier),330.72,200,66.14
Region IV-A,Fish (roundscad),249,200,49.8
Region IV-A,Fish (slipmouth),325.75,200,65.15
Region IV-A,Fish (threadfin bream),362.4,200,72.48
Region IV-A,Fish (tilapia),149.2,200,29.84
Region IV-A,Garlic,255,200,51
Region IV-A,Garlic (large),90,200,18
Region IV-A,Garlic (small),200,200,40
Region IV-A,Ginger,167.02,200,33.4
Region IV-A,Maize (yellow),44.46,200,8.89
Region IV-A,Mandarins,43.22,200,8.64
Region IV-A,Mangoes (carabao),189.65,200,37.93
Region IV-A,Mangoes (piko),128.86,200,25.77
Region IV-A,Meat (beef),429.07,200,85.81
Region IV-A,"Meat (beef, chops with bones)",358.33,200,71.67
Region IV-A,"Meat (chicken, whole)",194.8,200,38.96
Region IV-A,Meat (pork),317.4,150,47.61
Region IV-A,"Meat (pork, hock)",237.86,200,47.57
Region IV-A,"Meat (pork, with bones)",288.4,200,57.68
Region IV-A,"Meat (pork, with fat)",400,200,80
Region IV-A,Onions (red),173.42,100,17.34
Region IV-A,Onions (white),80.05,200,16.01
Region IV-A,Papaya,51.28,200,10.26
Region IV-A,Pineapples,73.54,200,14.71
Region IV-A,Potatoes (Irish),130.75,200,26.15
Region IV-A,Rice (paddy),14.42,300,4.33
Region IV-A,Rice (premium),46.33,500,23.16
Region IV-A,"Rice (regular, milled)",44.73,500,22.36
Region IV-A,Rice (special),56.59,200,11.32
Region IV-A,Rice (well milled),49.32,200,9.86
Region IV-A,Semolina (white),32,200,6.4
Region IV-A,Semolina (yellow),32.08,200,6.42
Region IV-A,Shrimp (endeavor),443.57,200,88.71
Region IV-A,Shrimp (tiger),776.4,200,155.28
Region IV-A,Squashes,60.17,200,12.03
Region IV-A,Sweet Potato leaves,59.31,200,11.86
Region IV-A,Sweet potatoes,60.74,200,12.15
Region IV-A,Taro,68.56,200,13.71
Region IV-A,Tomatoes,103.53,150,15.53
Region IV-A,Water spinach,60.01,200,12
Region IV-B,Anchovies,118.21,200,23.64
Region IV-B,Bananas (lakatan),82.11,300,24.63
Region IV-B,Bananas (latundan),54.88,300,16.46
Region IV-B,Bananas (saba),43.77,200,8.75
Region IV-B,"Beans (green, fresh)",135.72,200,27.14
Region IV-B,Beans (string),86.28,200,17.26
Region IV-B,Bitter melon,105.92,200,21.18
Region IV-B,Bottle gourd,39.56,200,7.91
Region IV-B,Cabbage,147.71,200,29.54
Region IV-B,Cabbage (chinese),86.2,200,17.24
Region IV-B,Calamansi,82.41,200,16.48
Region IV-B,Carrots,175.38,200,35.08
Region IV-B,Chicken,114.62,200,22.92
Region IV-B,Choko,63.08,200,12.62
Region IV-B,Coconut,22.77,200,4.55
Region IV-B,Crab,352.73,200,70.55
Region IV-B,Eggplants,85.63,200,17.13
Region IV-B,Eggs,105.67,80,8.45
Region IV-B,Eggs (duck),123.84,200,24.77
Region IV-B,Fish (fresh),184,200,36.8
Region IV-B,Fish (frigate tuna),166.8,200,33.36
Region IV-B,"Fish (mackerel, fresh)",169.02,200,33.8
Region IV-B,Fish (milkfish),214.75,200,42.95
Region IV-B,Fish (redbelly yellowtail fusilier),204.75,200,40.95
Region IV-B,Fish (roundscad),202.13,200,40.43
Region IV-B,Fish (slipmouth),152.17,200,30.43
Region IV-B,Fish (threadfin bream),250.01,200,50
Region IV-B,Fish (tilapia),157.53,200,31.51
Region IV-B,Garlic,142.58,200,28.52
Region IV-B,Garlic (large),100,200,20
Region IV-B,Garlic (small),150,200,30
Region IV-B,Ginger,100.97,200,20.19
Region IV-B,Maize (yellow),41.27,200,8.25
Region IV-B,Mandarins,74.61,200,14.92
Region IV-B,Mangoes (carabao),123.33,200,24.67
Region IV-B,Mangoes (piko),117.87,200,23.57
Region IV-B,Meat (beef),351.75,200,70.35
Region IV-B,"Meat (beef, chops with bones)",335.33,200,67.07
Region IV-B,"Meat (chicken, whole)",217.11,200,43.42
Region IV-B,Meat (pork),288.83,150,43.32
Region IV-B,"Meat (pork, hock)",184.46,200,36.89
Region IV-B,"Meat (pork, with bones)",265.58,200,53.12
Region IV-B,"Meat (pork, with fat)",320,200,64
Region IV-B,Onions (red),199.06,100,19.91
Region IV-B,Onions (white),104.38,200,20.88
Region IV-B,Papaya,56.93,200,11.39
Region IV-B,Pineapples,81.86,200,16.37
Region IV-B,Potatoes (Irish),141.55,200,28.31
Region IV-B,Rice (paddy),15.75,300,4.72
Region IV-B,Rice (premium),46.31,500,23.16
Region IV-B,"Rice (regular, milled)",43.77,500,21.88
Region IV-B,Rice (special),59.29,200,11.86
Region IV-B,Rice (well milled),48.8,200,9.76
Region IV-B,Semolina (yellow),30.73,200,6.15
Region IV-B,Shrimp (endeavor),419.04,200,83.81
Region IV-B,Shrimp (tiger),662.67,200,132.53
Region IV-B,Squashes,65.87,200,13.17
Region IV-B,Sweet Potato leaves,31.9,200,6.38
Region IV-B,Sweet potatoes,44.77,200,8.95
Region IV-B,Taro,47.59,200,9.52
Region IV-B,Tomatoes,99.75,150,14.96
Region IV-B,Water spinach,40.3,200,8.06
Region IX,Anchovies,113.11,200,22.62
Region IX,Bananas (lakatan),60.07,300,18.02
Region IX,Bananas (latundan),30.34,300,9.1
Region IX,Bananas (saba),24.5,200,4.9
Region IX,"Beans (green, fresh)",80.08,200,16.02
Region IX,Beans (string),57.78,200,11.56
Region IX,Bitter melon,77.29,200,15.46
Region IX,Bottle gourd,37.26,200,7.45
Region IX,Cabbage,87.78,200,17.56
Region IX,Cabbage (chinese),91.14,200,18.23
Region IX,Calamansi,63.62,200,12.72
Region IX,Carrots,91.97,200,18.39
Region IX,Chicken,130,200,26
Region IX,Choko,25.68,200,5.14
Region IX,Coconut,24.07,200,4.81
Region IX,Crab,260.33,200,52.07
Region IX,Eggplants,55.98,200,11.2
Region IX,Eggs,101.28,80,8.1
Region IX,Eggs (duck),100.56,200,20.11
Region IX,Fish (fresh),142.22,200,28.44
Region IX,Fish (frigate tuna),163.17,200,32.63
Region IX,"Fish (mackerel, fresh)",161.83,200,32.37
Region IX,Fish (milkfish),169.31,200,33.86
Region IX,Fish (redbelly yellowtail fusilier),185.38,200,37.08
Region IX,Fish (roundscad),153.89,200,30.78
Region IX,Fish (slipmouth),129.74,200,25.95
Region IX,Fish (threadfin bream),228.52,200,45.7
Region IX,Fish (tilapia),152.7,200,30.54
Region IX,Garlic,115.46,200,23.09
Region IX,Garlic (large),106,200,21.2
Region IX,Ginger,108.83,200,21.77
Region IX,Maize (white),28,200,5.6
Region IX,Maize (yellow),35,200,7
Region IX,Mandarins,25.77,200,5.15
Region IX,Mangoes (carabao),147.03,200,29.41
Region IX,Mangoes (piko),86,200,17.2
Region IX,Meat (beef),378.89,200,75.78
Region IX,"Meat (beef, chops with bones)",343.69,200,68.74
Region IX,"Meat (chicken, whole)",186.6,200,37.32
Region IX,Meat (pork),308.63,150,46.29
Region IX,"Meat (pork, hock)",167.74,200,33.55
Region IX,"Meat (pork, with bones)",278.75,200,55.75
Region IX,"Meat (pork, with fat)",258,200,51.6
Region IX,Onions (red),188.75,100,18.88
Region IX,Onions (white),111.81,200,22.36
Region IX,Papaya,40.32,200,8.06
Region IX,Pineapples,45.83,200,9.17
Region IX,Potatoes (Irish),132.03,200,26.41
Region IX,Rice (paddy),15.22,300,4.57
Region IX,Rice (premium),45.48,500,22.74
Region IX,"Rice (regular, milled)",46.94,500,23.47
Region IX,Rice (special),57.71,200,11.54
Region IX,Rice (well milled),54.01,200,10.8
Region IX,Semolina (white),34.98,200,7
Region IX,Semolina (yellow),33.69,200,6.74
Region IX,Shrimp (endeavor),274.6,200,54.92
Region IX,Shrimp (tiger),419.22,200,83.84
Region IX,Squashes,36.42,200,7.28
Region IX,Sweet Potato leaves,41.92,200,8.38
Region IX,Sweet potatoes,29.16,200,5.83
Region IX,Taro,55.17,200,11.03
Region IX,Tomatoes,87.02,150,13.05
Region IX,Water spinach,40.05,200,8.01
Region V,Anchovies,147.33,200,29.47
Region V,Bananas (lakatan),90.04,300,27.01
Region V,Bananas (latundan),56.77,300,17.03
Region V,Bananas (saba),45.28,200,9.06
Region V,"Beans (green, fresh)",119.92,200,23.98
Region V,Beans (string),83.42,200,16.68
Region V,Bitter melon,95.9,200,19.18
Region V,Bottle gourd,39.38,200,7.88
Region V,Cabbage,139.52,200,27.9
Region V,Cabbage (chinese),91.14,200,18.23
Region V,Calamansi,82.05,200,16.41
Region V,Carrots,160.69,200,32.14
Region V,Choko,62.1,200,12.42
Region V,Coconut,22.99,200,4.6
Region V,Crab,279.48,200,55.9
Region V,Eggplants,79.11,200,15.82
Region V,Eggs,90.1,80,7.21
Region V,Eggs (duck),93.52,200,18.7
Region V,Fish (fresh),141.75,200,28.35
Region V,Fish (frigate tuna),172.13,200,34.43
Region V,"Fish (mackerel, fresh)",214.67,200,42.93
Region V,Fish (milkfish),203.05,200,40.61
Region V,Fish (redbelly yellowtail fusilier),218.33,200,43.67
Region V,Fish (roundscad),199.83,200,39.97
Region V,Fish (slipmouth),143.73,200,28.75
Region V,Fish (threadfin bream),222.24,200,44.45
Region V,Fish (tilapia),164.51,200,32.9
Region V,Garlic,178.46,200,35.69
Region V,Garlic (large),114,200,22.8
Region V,Garlic (small),325,200,65
Region V,Ginger,118.65,200,23.73
Region V,Mandarins,55.8,200,11.16
Region V,Mangoes (carabao),160.33,200,32.07
Region V,Mangoes (piko),75.57,200,15.11
Region V,Meat (beef),383.54,200,76.71
Region V,"Meat (beef, chops with bones)",328.22,200,65.64
Region V,"Meat (chicken, whole)",174.33,200,34.87
Region V,Meat (pork),272.07,150,40.81
Region V,"Meat (pork, hock)",213.16,200,42.63
Region V,"Meat (pork, with bones)",253.2,200,50.64
Region V,"Meat (pork, with fat)",244,200,48.8
Region V,Onions (red),182.15,100,18.22
Region V,Onions (white),118.34,200,23.67
Region V,Papaya,47.62,200,9.52
Region V,Pineapples,92.5,200,18.5
Region V,Potatoes (Irish),166.04,200,33.21
Region V,Rice (paddy),14.77,300,4.43
Region V,Rice (premium),45.26,500,22.63
Region V,"Rice (regular, milled)",45.85,500,22.92
Region V,Rice (special),58.28,200,11.66
Region V,Rice (well milled),50.41,200,10.08
Region V,Semolina (white),48,200,9.6
Region V,Semolina (yellow),32.98,200,6.6
Region V,Shrimp (endeavor),440.27,200,88.05
Region V,Shrimp (tiger),647.45,200,129.49
Region V,Squashes,48.38,200,9.68
Region V,Sweet Potato leaves,37.07,200,7.41
Region V,Sweet potatoes,42.05,200,8.41
Region V,Taro,58.42,200,11.68
Region V,Tomatoes,107.71,150,16.16
Region V,Water spinach,38.65,200,7.73
Region VI,Anchovies,146.24,200,29.25
Region VI,Bananas (lakatan),87.14,300,26.14
Region VI,Bananas (latundan),55.54,300,16.66
Region VI,Bananas (saba),40.95,200,8.19
Region VI,"Beans (green, fresh)",120.26,200,24.05
Region VI,Beans (string),75.78,200,15.16
Region VI,Bitter melon,99.33,200,19.87
Region VI,Bottle gourd,42.4,200,8.48
Region VI,Cabbage,138.65,200,27.73
Region VI,Cabbage (chinese),109.82,200,21.96
Region VI,Calamansi,58.84,200,11.77
Region VI,Carrots,156.14,200,31.23
Region VI,Choko,51.85,200,10.37
Region VI,Coconut,22.85,200,4.57
Region VI,Crab,327.6,200,65.52
Region VI,Eggplants,81.18,200,16.24
Region VI,Eggs,101.84,80,8.15
Region VI,Eggs (duck),132.45,200,26.49
Region VI,Fish (fresh),111.24,200,22.25
Region VI,Fish (frigate tuna),170.93,200,34.19
Region VI,"Fish (mackerel, fresh)",229.92,200,45.98
Region VI,Fish (milkfish),218.19,200,43.64
Region VI,Fish (redbelly yellowtail fusilier),198.48,200,39.7
Region VI,Fish (roundscad),214.83,200,42.97
Region VI,Fish (slipmouth),198.41,200,39.68
Region VI,Fish (threadfin bream),284.98,200,57
Region VI,Fish (tilapia),177.72,200,35.54
Region VI,Garlic,145.71,200,29.14
Region VI,Garlic (large),108,200,21.6
Region VI,Garlic (small),160,200,32
Region VI,Ginger,104.34,200,20.87
Region VI,Maize (yellow),23.58,200,4.72
Region VI,Mangoes (carabao),185.08,200,37.02
Region VI,Mangoes (piko),101.6,200,20.32
Region VI,Meat (beef),337,200,67.4
Region VI,"Meat (beef, chops with bones)",304.86,200,60.97
Region VI,"Meat (chicken, whole)",191.99,200,38.4
Region VI,Meat (pork),290.17,150,43.53
Region VI,"Meat (pork, hock)",183.55,200,36.71
Region VI,"Meat (pork, with bones)",308.56,200,61.71
Region VI,"Meat (pork, with fat)",232,200,46.4
Region VI,Onions (red),178.44,100,17.84
Region VI,Onions (white),105.35,200,21.07
Region VI,Papaya,57.11,200,11.42
Region VI,Pineapples,53.89,200,10.78
Region VI,Potatoes (Irish),178.49,200,35.7
Region VI,"Rice (milled, superior)",33.4,500,16.7
Region VI,Rice (paddy),14.39,300,4.32
Region VI,Rice (premium),46.28,500,23.14
Region VI,"Rice (regular, milled)",43.48,500,21.74
Region VI,Rice (special),59.97,200,11.99
Region VI,Rice (well milled),47.56,200,9.51
Region VI,Semolina (white),41.4,200,8.28
Region VI,Semolina (yellow),31.48,200,6.3
Region VI,Shrimp (endeavor),335.06,200,67.01
Region VI,Shrimp (tiger),545.58,200,109.12
Region VI,Squashes,43.77,200,8.75
Region VI,Sweet Potato leaves,34.57,200,6.91
Region VI,Sweet potatoes,42.2,200,8.44
Region VI,Taro,52.97,200,10.59
Region VI,Tomatoes,118.47,150,17.77
Region VI,Water spinach,32.18,200,6.44
Region VII,Anchovies,157.19,200,31.44
Region VII,Bananas (lakatan),75.41,300,22.62
Region VII,Bananas (latundan),43.1,300,12.93
Region VII,Bananas (saba),32.36,200,6.47
Region VII,"Beans (green, fresh)",85.17,200,17.03
Region VII,Beans (string),77.15,200,15.43
Region VII,Bitter melon,88.86,200,17.77
Region VII,Bottle gourd,42.91,200,8.58
Region VII,Cabbage,70.22,200,14.04
Region VII,Cabbage (chinese),90.19,200,18.04
Region VII,Calamansi,83.54,200,16.71
Region VII,Carrots,121.91,200,24.38
Region VII,Choko,38.6,200,7.72
Region VII,Coconut,25.47,200,5.09
Region VII,Crab,311.38,200,62.28
Region VII,Eggplants,69.69,200,13.94
Region VII,Eggs,96.39,80,7.71
Region VII,Fish (fresh),145,200,29
Region VII,Fish (frigate tuna),220.34,200,44.07
Region VII,"Fish (mackerel, fresh)",204.41,200,40.88
Region VII,Fish (milkfish),219.06,200,43.81
Region VII,Fish (redbelly yellowtail fusilier),303.74,200,60.75
Region VII,Fish (roundscad),205.19,200,41.04
Region VII,Fish (slipmouth),124.17,200,24.83
Region VII,Fish (threadfin bream),311.93,200,62.39
Region VII,Fish (tilapia),161.46,200,32.29
Region VII,Garlic,210.46,200,42.09
Region VII,Garlic (large),108,200,21.6
Region VII,Garlic (small),393.5,200,78.7
Region VII,Ginger,114.29,200,22.86
Region VII,Maize flour (white),29.63,200,5.93
Region VII,Mangoes (carabao),164.1,200,32.82
Region VII,Meat (beef),367.82,200,73.56
Region VII,"Meat (beef, chops with bones)",213.6,200,42.72
Region VII,"Meat (chicken, whole)",175.63,200,35.13
Region VII,Meat (pork),305.92,150,45.89
Region VII,"Meat (pork, hock)",158.1,200,31.62
Region VII,"Meat (pork, with bones)",246.68,200,49.34
Region VII,"Meat (pork, with fat)",262,200,52.4
Region VII,Onions (red),156.56,100,15.66
Region VII,Onions (white),108.96,200,21.79
Region VII,Papaya,54.34,200,10.87
Region VII,Pineapples,68.08,200,13.62
Region VII,Potatoes (Irish),149.84,200,29.97
Region VII,"Rice (milled, superior)",41.5,500,20.75
Region VII,Rice (premium),48.73,500,24.36
Region VII,"Rice (regular, milled)",49.86,500,24.93
Region VII,Rice (special),71.88,200,14.38
Region VII,Rice (well milled),56.32,200,11.26
Region VII,Semolina (white),41.43,200,8.29
Region VII,Semolina (yellow),26.56,200,5.31
Region VII,Shrimp (endeavor),525,200,105
Region VII,Shrimp (tiger),519.31,200,103.86
Region VII,Squashes,46.62,200,9.32
Region VII,Sweet Potato leaves,43.82,200,8.76
Region VII,Sweet potatoes,41.88,200,8.38
Region VII,Taro,62.31,200,12.46
Region VII,Tomatoes,110.47,150,16.57
Region VII,Water spinach,40.28,200,8.06
Region VIII,Anchovies,138.84,200,27.77
Region VIII,Bananas (lakatan),80.37,300,24.11
Region VIII,Bananas (latundan),45.41,300,13.62
Region VIII,Bananas (saba),38.43,200,7.69
Region VIII,"Beans (green, fresh)",106.88,200,21.38
Region VIII,Beans (string),81.83,200,16.37
Region VIII,Bitter melon,102.37,200,20.47
Region VIII,Bottle gourd,49.83,200,9.97
Region VIII,Cabbage,106.48,200,21.3
Region VIII,Cabbage (chinese),83.53,200,16.71
Region VIII,Calamansi,106.95,200,21.39
Region VIII,Carrots,144.27,200,28.85
Region VIII,Choko,40.68,200,8.14
Region VIII,Coconut,24.2,200,4.84
Region VIII,Crab,326.46,200,65.29
Region VIII,Eggplants,82.02,200,16.4
Region VIII,Eggs,107.72,80,8.62
Region VIII,Eggs (duck),94.56,200,18.91
Region VIII,Fish (fresh),177.14,200,35.43
Region VIII,Fish (frigate tuna),183.36,200,36.67
Region VIII,"Fish (mackerel, fresh)",213.48,200,42.7
Region VIII,Fish (milkfish),230.28,200,46.06
Region VIII,Fish (redbelly yellowtail fusilier),237.49,200,47.5
Region VIII,Fish (roundscad),204.58,200,40.92
Region VIII,Fish (slipmouth),148.04,200,29.61
Region VIII,Fish (threadfin bream),239.02,200,47.8
Region VIII,Fish (tilapia),201.11,200,40.22
Region VIII,Garlic,151.35,200,30.27
Region VIII,Garlic (large),120,200,24
Region VIII,Garlic (small),130,200,26
Region VIII,Ginger,109.58,200,21.92
Region VIII,Maize (white),38.43,200,7.69
Region VIII,Mandarins,53.29,200,10.66
Region VIII,Mangoes (carabao),147.91,200,29.58
Region VIII,Mangoes (piko),96.04,200,19.21
Region VIII,Meat (beef),404.17,200,80.83
Region VIII,"Meat (beef, chops with bones)",356.51,200,71.3
Region VIII,"Meat (chicken, whole)",190.91,200,38.18
Region VIII,Meat (pork),326.29,150,48.94
Region VIII,"Meat (pork, hock)",197.23,200,39.45
Region VIII,"Meat (pork, with bones)",276.12,200,55.22
Region VIII,"Meat (pork, with fat)",300,200,60
Region VIII,Onions (red),195.08,100,19.51
Region VIII,Onions (white),140.82,200,28.16
Region VIII,Papaya,54.39,200,10.88
Region VIII,Pineapples,63.53,200,12.71
Region VIII,Potatoes (Irish),192.36,200,38.47
Region VIII,Rice (paddy),13.99,300,4.2
Region VIII,Rice (premium),44.4,500,22.2
Region VIII,"Rice (regular, milled)",46.91,500,23.46
Region VIII,Rice (special),58.23,200,11.65
Region VIII,Rice (well milled),53.44,200,10.69
Region VIII,Semolina (white),47.75,200,9.55
Region VIII,Shrimp (endeavor),349.03,200,69.81
Region VIII,Shrimp (tiger),388.16,200,77.63
Region VIII,Squashes,46.95,200,9.39
Region VIII,Sweet Potato leaves,48.25,200,9.65
Region VIII,Sweet potatoes,46.82,200,9.36
Region VIII,Taro,72.09,200,14.42
Region VIII,Tomatoes,105.69,150,15.85
Region VIII,Water spinach,46.53,200,9.31
Region X,Anchovies,159.84,200,31.97
Region X,Bananas (lakatan),55.34,300,16.6
Region X,Bananas (latundan),29.5,300,8.85
Region X,Bananas (saba),24.68,200,4.94
Region X,"Beans (green, fresh)",69.7,200,13.94
Region X,Beans (string),64.62,200,12.92
Region X,Bitter melon,80.55,200,16.11
Region X,Bottle gourd,39.76,200,7.95
Region X,Cabbage,82.14,200,16.43
Region X,Cabbage (chinese),79.13,200,15.83
Region X,Calamansi,46.93,200,9.39
Region X,Carrots,91.49,200,18.3
Region X,Choko,28.83,200,5.77
Region X,Coconut,20.15,200,4.03
Region X,Crab,269.43,200,53.89
Region X,Eggplants,62.04,200,12.41
Region X,Eggs,94.99,80,7.6
Region X,Eggs (duck),144,200,28.8
Region X,Fish (fresh),180,200,36
Region X,Fish (frigate tuna),158.73,200,31.75
Region X,"Fish (mackerel, fresh)",158.61,200,31.72
Region X,Fish (milkfish),213.78,200,42.76
Region X,Fish (redbelly yellowtail fusilier),207.16,200,41.43
Region X,Fish (roundscad),190.5,200,38.1
Region X,Fish (slipmouth),211.17,200,42.23
Region X,Fish (threadfin bream),268.05,200,53.61
Region X,Fish (tilapia),176.7,200,35.34
Region X,Garlic,173.92,200,34.78
Region X,Garlic (large),105.83,200,21.17
Region X,Garlic (small),207.5,200,41.5
Region X,Ginger,95.9,200,19.18
Region X,Maize (white),30,200,6
Region X,Maize (yellow),29.5,200,5.9
Region X,Mandarins,63.95,200,12.79
Region X,Mangoes (carabao),133.11,200,26.62
Region X,Meat (beef),404.89,200,80.98
Region X,"Meat (beef, chops with bones)",260.55,200,52.11
Region X,"Meat (chicken, whole)",199.38,200,39.88
Region X,Meat (pork),351.4,150,52.71
Region X,"Meat (pork, hock)",199.38,200,39.88
Region X,"Meat (pork, with bones)",293.78,200,58.76
Region X,"Meat (pork, with fat)",209.17,200,41.83
Region X,Onions (red),200.24,100,20.02
Region X,Onions (white),93.47,200,18.69
Region X,Papaya,35.39,200,7.08
Region X,Pineapples,39.55,200,7.91
Region X,Potatoes (Irish),152.5,200,30.5
Region X,Rice (paddy),17.91,300,5.37
Region X,Rice (premium),45.21,500,22.6
Region X,"Rice (regular, milled)",46.29,500,23.14
Region X,Rice (special),60.66,200,12.13
Region X,Rice (well milled),52.26,200,10.45
Region X,Semolina (white),30.83,200,6.17
Region X,Semolina (yellow),22.82,200,4.56
Region X,Shrimp (endeavor),329.84,200,65.97
Region X,Shrimp (tiger),448.05,200,89.61
Region X,Squashes,34,200,6.8
Region X,Sweet Potato leaves,38.06,200,7.61
Region X,Sweet potatoes,29.05,200,5.81
Region X,Taro,49.63,200,9.93
Region X,Tomatoes,87.66,150,13.15
Region X,Water spinach,36.5,200,7.3
Region XI,Anchovies,156.98,200,31.4
Region XI,Bananas (lakatan),60.13,300,18.04
Region XI,Bananas (latundan),36.1,300,10.83
Region XI,Bananas (saba),25.13,200,5.03
Region XI,"Beans (green, fresh)",72.24,200,14.45
Region XI,Beans (string),51.73,200,10.35
Region XI,Bitter melon,73.72,200,14.74
Region XI,Bottle gourd,38.58,200,7.72
Region XI,Cabbage,63.72,200,12.74
Region XI,Cabbage (chinese),87.56,200,17.51
Region XI,Calamansi,51.22,200,10.24
Region XI,Carrots,120.94,200,24.19
Region XI,Chicken,142.5,200,28.5
Region XI,Choko,23.52,200,4.7
Region XI,Coconut,21.99,200,4.4
Region XI,Crab,353.74,200,70.75
Region XI,Eggplants,54.41,200,10.88
Region XI,Eggs,93,80,7.44
Region XI,Eggs (duck),117.6,200,23.52
Region XI,Fish (fresh),121.31,200,24.26
Region XI,Fish (frigate tuna),164,200,32.8
Region XI,"Fish (mackerel, fresh)",173.42,200,34.68
Region XI,Fish (milkfish),188.91,200,37.78
Region XI,Fish (redbelly yellowtail fusilier),224.24,200,44.85
Region XI,Fish (roundscad),164.12,200,32.82
Region XI,Fish (slipmouth),174.34,200,34.87
Region XI,Fish (threadfin bream),276.35,200,55.27
Region XI,Fish (tilapia),169.79,200,33.96
Region XI,Garlic,147.5,200,29.5
Region XI,Garlic (large),86,200,17.2
Region XI,Garlic (small),95,200,19
Region XI,Ginger,92.84,200,18.57
Region XI,Maize (white),22.45,200,4.49
Region XI,Maize (yellow),29.6,200,5.92
Region XI,Maize flour (white),23.11,200,4.62
Region XI,Maize flour (yellow),18.84,200,3.77
Region XI,Mandarins,52.58,200,10.52
Region XI,Mangoes (carabao),101,200,20.2
Region XI,Mangoes (piko),48.52,200,9.7
Region XI,Meat (beef),423.86,200,84.77
Region XI,"Meat (beef, chops with bones)",346.91,200,69.38
Region XI,"Meat (chicken, whole)",184.99,200,37
Region XI,Meat (pork),329.25,150,49.39
Region XI,"Meat (pork, hock)",197.15,200,39.43
Region XI,"Meat (pork, with bones)",297.19,200,59.44
Region XI,"Meat (pork, with fat)",330,200,66
Region XI,Onions (red),189.26,100,18.93
Region XI,Onions (white),110.93,200,22.19
Region XI,Papaya,36.25,200,7.25
Region XI,Pineapples,37.37,200,7.47
Region XI,Potatoes (Irish),136.22,200,27.24
Region XI,"Rice (milled, superior)",35.02,500,17.51
Region XI,Rice (paddy),14.21,300,4.26
Region XI,Rice (premium),42.78,500,21.39
Region XI,"Rice (regular, milled)",48.41,500,24.2
Region XI,Rice (special),57.59,200,11.52
Region XI,Rice (well milled),49.81,200,9.96
Region XI,Semolina (white),24.95,200,4.99
Region XI,Semolina (yellow),26.64,200,5.33
Region XI,Shrimp (endeavor),275.39,200,55.08
Region XI,Shrimp (tiger),532.17,200,106.43
Region XI,Squashes,37.69,200,7.54
Region XI,Sweet Potato leaves,46.65,200,9.33
Region XI,Sweet potatoes,34.38,200,6.88
Region XI,Taro,50.86,200,10.17
Region XI,Tomatoes,85.16,150,12.77
Region XI,Water spinach,44.16,200,8.83
Region XII,Anchovies,138.22,200,27.64
Region XII,Bananas (lakatan),48.94,300,14.68
Region XII,Bananas (latundan),35.95,300,10.78
Region XII,Bananas (saba),24.13,200,4.83
Region XII,"Beans (green, fresh)",75.14,200,15.03
Region XII,Beans (string),48.18,200,9.64
Region XII,Bitter melon,67.1,200,13.42
Region XII,Bottle gourd,32.16,200,6.43
Region XII,Cabbage,70.13,200,14.03
Region XII,Cabbage (chinese),68.31,200,13.66
Region XII,Calamansi,50.97,200,10.19
Region XII,Carrots,106.62,200,21.32
Region XII,Choko,24.09,200,4.82
Region XII,Coconut,21.67,200,4.33
Region XII,Crab,363.94,200,72.79
Region XII,Eggplants,53.44,200,10.69
Region XII,Eggs,98.52,80,7.88
Region XII,Eggs (duck),105.8,200,21.16
Region XII,Fish (fresh),180,200,36
Region XII,Fish (frigate tuna),138.42,200,27.68
Region XII,"Fish (mackerel, fresh)",227.78,200,45.56
Region XII,Fish (milkfish),203.91,200,40.78
Region XII,Fish (redbelly yellowtail fusilier),312.71,200,62.54
Region XII,Fish (roundscad),175.75,200,35.15
Region XII,Fish (slipmouth),264.38,200,52.88
Region XII,Fish (threadfin bream),317.5,200,63.5
Region XII,Fish (tilapia),169.72,200,33.94
Region XII,Garlic,178.45,200,35.69
Region XII,Garlic (large),106.33,200,21.27
Region XII,Garlic (small),180,200,36
Region XII,Ginger,98.88,200,19.78
Region XII,Maize (white),12.78,200,2.56
Region XII,Maize (yellow),12.98,200,2.6
Region XII,Mangoes (carabao),94.96,200,18.99
Region XII,Mangoes (piko),82.5,200,16.5
Region XII,Meat (beef),322.23,200,64.45
Region XII,"Meat (beef, chops with bones)",307.19,200,61.44
Region XII,"Meat (chicken, whole)",185.62,200,37.12
Region XII,Meat (pork),320.27,150,48.04
Region XII,"Meat (pork, hock)",179.03,200,35.81
Region XII,"Meat (pork, with bones)",274.88,200,54.98
Region XII,"Meat (pork, with fat)",180,200,36
Region XII,Onions (red),184.01,100,18.4
Region XII,Onions (white),73,200,14.6
Region XII,Papaya,24.49,200,4.9
Region XII,Pineapples,30.08,200,6.02
Region XII,Potatoes (Irish),138.91,200,27.78
Region XII,"Rice (milled, superior)",29.72,500,14.86
Region XII,Rice (paddy),17.19,300,5.16
Region XII,Rice (premium),41.28,500,20.64
Region XII,"Rice (regular, milled)",46.81,500,23.4
Region XII,Rice (special),53.36,200,10.67
Region XII,Rice (well milled),50.3,200,10.06
Region XII,Semolina (white),32.26,200,6.45
Region XII,Semolina (yellow),23.33,200,4.67
Region XII,Shrimp (endeavor),414.83,200,82.97
Region XII,Shrimp (tiger),522.16,200,104.43
Region XII,Squashes,31.56,200,6.31
Region XII,Sweet Potato leaves,23.23,200,4.65
Region XII,Sweet potatoes,34.4,200,6.88
Region XII,Taro,38.78,200,7.76
Region XII,Tomatoes,73.44,150,11.02
Region XII,Water spinach,24.16,200,4.83
Region XIII,Anchovies,159.62,200,31.92
Region XIII,Bananas (lakatan),62.36,300,18.71
Region XIII,Bananas (latundan),33.21,300,9.96
Region XIII,Bananas (saba),28.4,200,5.68
Region XIII,"Beans (green, fresh)",98,200,19.6
Region XIII,Beans (string),67.21,200,13.44
Region XIII,Bitter melon,84.08,200,16.82
Region XIII,Bottle gourd,42.66,200,8.53
Region XIII,Cabbage,90.49,200,18.1
Region XIII,Cabbage (chinese),97.93,200,19.59
Region XIII,Calamansi,69.8,200,13.96
Region XIII,Carrots,113.58,200,22.72
Region XIII,Choko,32.24,200,6.45
Region XIII,Coconut,24.35,200,4.87
Region XIII,Crab,283.61,200,56.72
Region XIII,Eggplants,65.21,200,13.04
Region XIII,Eggs,96.84,80,7.75
Region XIII,Eggs (duck),100.02,200,20
Region XIII,Fish (fresh),177.6,200,35.52
Region XIII,Fish (frigate tuna),154.63,200,30.93
Region XIII,"Fish (mackerel, fresh)",220.88,200,44.18
Region XIII,Fish (milkfish),211.58,200,42.32
Region XIII,Fish (redbelly yellowtail fusilier),285,200,57
Region XIII,Fish (roundscad),184.2,200,36.84
Region XIII,Fish (slipmouth),169.65,200,33.93
Region XIII,Fish (threadfin bream),291.96,200,58.39
Region XIII,Fish (tilapia),170.5,200,34.1
Region XIII,Garlic,145,200,29
Region XIII,Garlic (large),108,200,21.6
Region XIII,Ginger,119.94,200,23.99
Region XIII,Mandarins,115,200,23
Region XIII,Mangoes (carabao),115.19,200,23.04
Region XIII,Meat (beef),464.69,200,92.94
Region XIII,"Meat (beef, chops with bones)",363.12,200,72.62
Region XIII,"Meat (chicken, whole)",184.99,200,37
Region XIII,Meat (pork),328.43,150,49.26
Region XIII,"Meat (pork, hock)",182.6,200,36.52
Region XIII,"Meat (pork, with bones)",295.08,200,59.02
Region XIII,"Meat (pork, with fat)",336,200,67.2
Region XIII,Onions (red),185.94,100,18.59
Region XIII,Onions (white),102.06,200,20.41
Region XIII,Papaya,40.95,200,8.19
Region XIII,Pineapples,44.58,200,8.92
Region XIII,Potatoes (Irish),145.98,200,29.2
Region XIII,Rice (paddy),14.2,300,4.26
Region XIII,Rice (premium),45.22,500,22.61
Region XIII,"Rice (regular, milled)",47.02,500,23.51
Region XIII,Rice (special),57.16,200,11.43
Region XIII,Rice (well milled),51.74,200,10.35
Region XIII,Semolina (white),38.23,200,7.65
Region XIII,Semolina (yellow),25,200,5
Region XIII,Shrimp (endeavor),341.15,200,68.23
Region XIII,Shrimp (tiger),475.6,200,95.12
Region XIII,Squashes,45.52,200,9.1
Region XIII,Sweet Potato leaves,41.65,200,8.33
Region XIII,Sweet potatoes,37.4,200,7.48
Region XIII,Taro,38.94,200,7.79
Region XIII,Tomatoes,97.13,150,14.57
Region XIII,Water spinach,46.65,200,9.33